@ARTICLE{1976PhRvL..36..833C,
   author = {{Chin}, C.-W. and {Stothers}, R.},
    title = "{Limit on the secular change of the gravitational constant based on studies of solar evolution}",
  journal = {Physical Review Letters},
 keywords = {Gravitational Constant, Secular Variations, Solar Flux, Stellar Evolution, Gravitation Theory, Neutrinos, Paleontology, Solar Physics, Time Dependence},
     year = 1976,
    month = apr,
   volume = 36,
    pages = {833-835},
      doi = {10.1103/PhysRevLett.36.833},
   adsurl = {http://adsabs.harvard.edu/abs/1976PhRvL..36..833C},
  adsnote = {Provided by the SAO/NASA Astrophysics Data System}
}

@ARTICLE{2011JCAP...05..021G,
   author = {{Garc{\'{\i}}a-Berro}, E. and {Lor{\'e}n-Aguilar}, P. and {Torres}, S. and 
	{Althaus}, L.~G. and {Isern}, J.},
    title = "{An upper limit to the secular variation of the gravitational constant from white dwarf stars}",
  journal = {\jcap},
archivePrefix = "arXiv",
   eprint = {1105.1992},
 primaryClass = "gr-qc",
     year = 2011,
    month = may,
   volume = 5,
      eid = {021},
    pages = {021},
      doi = {10.1088/1475-7516/2011/05/021},
   adsurl = {http://adsabs.harvard.edu/abs/2011JCAP...05..021G},
  adsnote = {Provided by the SAO/NASA Astrophysics Data System}
}

@ARTICLE{2013JCAP...06..032C,
   author = {{C{\'o}rsico}, A.~H. and {Althaus}, L.~G. and {Garc{\'{\i}}a-Berro}, E. and 
	{Romero}, A.~D.},
    title = "{An independent constraint on the secular rate of variation of the gravitational constant from pulsating white dwarfs}",
  journal = {\jcap},
archivePrefix = "arXiv",
   eprint = {1306.1864},
 primaryClass = "astro-ph.SR",
     year = 2013,
    month = jun,
   volume = 6,
      eid = {032},
    pages = {032},
      doi = {10.1088/1475-7516/2013/06/032},
   adsurl = {http://adsabs.harvard.edu/abs/2013JCAP...06..032C},
  adsnote = {Provided by the SAO/NASA Astrophysics Data System}
}

@ARTICLE{2010HiA....15..311I,
   author = {{Isern}, J. and {Garcia-Berro}, E. and {Lor{\'e}n-Aguilar}, P.
	},
    title = "{SNIa, white dwarfs and the variation of the gravitational constant}",
  journal = {Highlights of Astronomy},
 keywords = {Gravitation, Stars: white dwarfs, supernovae},
     year = 2010,
    month = nov,
   volume = 15,
    pages = {311-311},
      doi = {10.1017/S174392131000949X},
   adsurl = {http://adsabs.harvard.edu/abs/2010HiA....15..311I},
  adsnote = {Provided by the SAO/NASA Astrophysics Data System}
}

@ARTICLE{2009IJMPD..18.1243L,
   author = {{Li}, L.-S.},
    title = "{Time Variation of the Gravitational Constant and Secular Evolution of the Orbit of Binary Stars}",
  journal = {Int. J. Mod. Phys. D},
 keywords = {Time variation of the gravitational constant, orbital elements of binary stars, secular evolution},
     year = 2009,
   volume = 18,
    pages = {1243-1256},
      doi = {10.1142/S0218271809015059},
   adsurl = {http://adsabs.harvard.edu/abs/2009IJMPD..18.1243L},
  adsnote = {Provided by the SAO/NASA Astrophysics Data System}
}

@ARTICLE{2011PThPh.126..993C,
   author = {{Chiba}, T.},
    title = "{The Constancy of the Constants of Nature: Updates}",
  journal = {Progress of Theoretical Physics},
archivePrefix = "arXiv",
   eprint = {1111.0092},
 primaryClass = "gr-qc",
     year = 2011,
    month = dec,
   volume = 126,
    pages = {993-1019},
      doi = {10.1143/PTP.126.993},
   adsurl = {http://adsabs.harvard.edu/abs/2011PThPh.126..993C},
  adsnote = {Provided by the SAO/NASA Astrophysics Data System}
}

@ARTICLE{2017arXiv170701866B,
   author = {{Bonanno}, A. and {Fr{\"o}hlich}, H.-E.},
    title = "{A new helioseismic constraint on a cosmic-time variation of G}",
  journal = {ArXiv e-prints},
archivePrefix = "arXiv",
   eprint = {1707.01866},
 primaryClass = "astro-ph.SR",
 keywords = {Astrophysics - Solar and Stellar Astrophysics, High Energy Physics - Phenomenology},
     year = 2017,
    month = jul,
   adsurl = {http://adsabs.harvard.edu/abs/2017arXiv170701866B},
  adsnote = {Provided by the SAO/NASA Astrophysics Data System}
}

@ARTICLE{1937Natur.139..323D,
   author = {{Dirac}, P.~A.~M.},
    title = "{The Cosmological Constants}",
  journal = {\nat},
     year = 1937,
    month = feb,
   volume = 139,
    pages = {323},
      doi = {10.1038/139323a0},
   adsurl = {http://adsabs.harvard.edu/abs/1937Natur.139..323D},
  adsnote = {Provided by the SAO/NASA Astrophysics Data System}
}

@Article{Bergmann2017,
    author="Bergmann, S.
    and Feldkamp, N.
    and Strassburger, S.",
    title="Emulation of control strategies through machine learning in manufacturing simulations",
    journal="Journal of Simulation",
    year="2017",
    month="Feb",
    day="01",
    volume="11",
    number="1",
    pages="38--50",
    abstract="Discrete-event simulation is a well-accepted method for planning, evaluating, and monitoring processes in production and logistics. To reduce time and effort spent on creating simulation models, automatic simulation model generation is an important area in modeling methodology research. When automatically generating a simulation model from existing data sources, the correct reproduction of dynamic behavior of the modeled system is a common challenge. One example is the representation of dispatching and scheduling strategies of production jobs. When generating a model automatically, the underlying rules for these strategies are typically unknown but yet have to be adequately emulated. In this paper, we summarize our work investigating the suitability of various data mining and supervised machine learning methods for emulating job scheduling decisions based on data obtained from production data acquisition. We report on the performance of the algorithms and give recommendations for their application, including suggestions for their integration in simulation systems.",
    issn="1747-7786",
    doi="10.1057/s41273-016-0006-0",
    url="https://doi.org/10.1057/s41273-016-0006-0"
}

@article{emcee,
   author = {{Foreman-Mackey}, D. and {Hogg}, D.~W. and {Lang}, D. and {Goodman}, J.},
    title = {emcee: The MCMC Hammer},
  journal = {PASP},
     year = 2013,
   volume = 125,
    pages = {306-312},
   eprint = {1202.3665},
      doi = {10.1086/670067}
}


  	
@article{0264-9381-24-17-017,
  author={Jürgen Müller and Liliane Biskupek},
  title={Variations of the gravitational constant from lunar laser ranging data},
  journal={Classical and Quantum Gravity},
  volume={24},
  number={17},
  pages={4533},
  url={http://stacks.iop.org/0264-9381/24/i=17/a=017},
  year={2007},
  abstract={Thirty seven years of lunar laser ranging (LLR) data provided a large number of results which contributed to a better understanding of the dynamics of the Earth–Moon system and to the highly accurate determination of relativistic quantities such as the equivalence principle. Spatial and temporal variations of Newton's coupling parameter, G , may occur intrinsically in alternative theories of gravity or because of lack of local Lorentz invariance in metric gravity. Here, we use LLR data to determine possible secular and quadratic temporal variations of the gravitational constant. Measurements of these parameters yield ##IMG## [http://ej.iop.org/images/0264-9381/24/17/017/cqg252011ieqn1.gif] {\skew3\dot{G}/G = (2\pm 7)\times 10^{-13} \: {\rm yr}^{-1}} (realistic errors) and ##IMG## [http://ej.iop.org/images/0264-9381/24/17/017/cqg252011ieqn2.gif] {\skew3\ddot{G}/G = (4\pm 5)\times 10^{-15} \: {\rm yr}^{-2}} . The determination of the preferred-frame parameters quantifying a possible spatial anisotropy of G gave α 1 = (−4 ± 9) × 10 −5 and α 2 = (2 ± 2) × 10 −5 . This ensemble of parameters may be useful for constraining post-Newtonian theories of gravitation.}
}
	
@ARTICLE{2019MNRAS.482.3249Z,
   author = {{Zhu}, W.~W. and {Desvignes}, G. and {Wex}, N. and {Caballero}, R.~N. and 
	{Champion}, D.~J. and {Demorest}, P.~B. and {Ellis}, J.~A. and 
	{Janssen}, G.~H. and {Kramer}, M. and {Krieger}, A. and {Lentati}, L. and 
	{Nice}, D.~J. and {Ransom}, S.~M. and {Stairs}, I.~H. and {Stappers}, B.~W. and 
	{Verbiest}, J.~P.~W. and {Arzoumanian}, Z. and {Bassa}, C.~G. and 
	{Burgay}, M. and {Cognard}, I. and {Crowter}, K. and {Dolch}, T. and 
	{Ferdman}, R.~D. and {Fonseca}, E. and {Gonzalez}, M.~E. and 
	{Graikou}, E. and {Guillemot}, L. and {Hessels}, J.~W.~T. and 
	{Jessner}, A. and {Jones}, G. and {Jones}, M.~L. and {Jordan}, C. and 
	{Karuppusamy}, R. and {Lam}, M.~T. and {Lazaridis}, K. and {Lazarus}, P. and 
	{Lee}, K.~J. and {Levin}, L. and {Liu}, K. and {Lyne}, A.~G. and 
	{McKee}, J.~W. and {McLaughlin}, M.~A. and {Os{\l}owski}, S. and 
	{Pennucci}, T. and {Perrodin}, D. and {Possenti}, A. and {Sanidas}, S. and 
	{Shaifullah}, G. and {Smits}, R. and {Stovall}, K. and {Swiggum}, J. and 
	{Theureau}, G. and {Tiburzi}, C.},
    title = "{Tests of gravitational symmetries with pulsar binary J1713+0747}",
  journal = {\mnras},
archivePrefix = "arXiv",
   eprint = {1802.09206},
 primaryClass = "astro-ph.HE",
 keywords = {gravitation, binaries: general, stars: neutron, pulsars: individual (PSR J1713+0747)},
     year = 2019,
    month = jan,
   volume = 482,
    pages = {3249-3260},
      doi = {10.1093/mnras/sty2905},
   adsurl = {http://adsabs.harvard.edu/abs/2019MNRAS.482.3249Z},
  adsnote = {Provided by the SAO/NASA Astrophysics Data System}
}

@ARTICLE{2016PASJ...68L...5M,
   author = {{Masuda}, K. and {Suto}, Y.},
    title = "{Transiting planets as a precision clock to constrain the time variation of the gravitational constant}",
  journal = {\pasj},
archivePrefix = "arXiv",
   eprint = {1602.02513},
 primaryClass = "gr-qc",
 keywords = {gravitation, planets and satellites: general, techniques: photometric},
     year = 2016,
    month = jun,
   volume = 68,
      eid = {L5},
    pages = {L5},
      doi = {10.1093/pasj/psw017},
   adsurl = {http://adsabs.harvard.edu/abs/2016PASJ...68L...5M},
  adsnote = {Provided by the SAO/NASA Astrophysics Data System}
}

@ARTICLE{2010A&A...522L...5H,
   author = {{Hofmann}, F. and {M{\"u}ller}, J. and {Biskupek}, L.},
    title = "{Lunar laser ranging test of the Nordtvedt parameter and a possible variation in the gravitational constant}",
  journal = {\aap},
 keywords = {Moon, gravitation, celestial mechanics, ephemerides},
     year = 2010,
    month = nov,
   volume = 522,
      eid = {L5},
    pages = {L5},
      doi = {10.1051/0004-6361/201015659},
   adsurl = {http://adsabs.harvard.edu/abs/2010A%26A...522L...5H},
  adsnote = {Provided by the SAO/NASA Astrophysics Data System}
}

@article{0264-9381-35-3-035015,
  author={F Hofmann and J M\"uller},
  title={Relativistic tests with lunar laser ranging},
  journal={Classical and Quantum Gravity},
  volume={35},
  number={3},
  pages={035015},
  url={http://stacks.iop.org/0264-9381/35/i=3/a=035015},
  year={2018},
  abstract={This paper presents the recent version of the lunar laser ranging (LLR) analysis model at the Institut für Erdmessung (IfE), Leibniz Universität Hannover and highlights a few tests of Einstein’s theory of gravitation using LLR data. Investigations related to a possible temporal variation of the gravitational constant, the equivalence principle, the PPN parameters β and γ as well as the geodetic precession were carried out. The LLR analysis model was updated by gravitational effects of the Sun and planets with the Moon as extended body. The higher-order gravitational interaction between Earth and Moon as well as effects of the solid Earth tides on the lunar motion were refined. The basis for the modeled lunar rotation is now a 2-layer core/mantle model according to the DE430 ephemeris. The validity of Einstein’s theory was studied using this updated analysis model and an LLR data set from 1970 to January 2015. Within the estimated accuracies, no deviations from Einstein’s theory are detected. A relative temporal variation of the gravitational constant is estimated as ##IMG## [http://ej.iop.org/images/0264-9381/35/3/035015/cqgaa8f7aieqn001.gif] {$\dot{G}/G_0=(7.1\pm7.6)\times10^{-14}~{\rm yr}^{-1}$} , the test of the equivalence principle gives ##IMG## [http://ej.iop.org/images/0264-9381/35/3/035015/cqgaa8f7aieqn002.gif] {$\Delta(m_g/m_i)_{{\rm EM}}=(-3\pm5)\times10^{-14}$} and the Nordtvedt parameter ##IMG## [http://ej.iop.org/images/0264-9381/35/3/035015/cqgaa8f7aieqn003.gif] {$ \newcommand{\e}{{\rm e}} \eta=(-0.2\pm1.1)\times10^{-4}$} , the PPN-parameters β and γ are determined as ##IMG## [http://ej.iop.org/images/0264-9381/35/3/035015/cqgaa8f7aieqn004.gif] {$\beta-1=(-4.5\pm5.6)\times10^{-5}$} and ##IMG## [http://ej.iop.org/images/0264-9381/35/3/035015/cqgaa8f7aieqn005.gif] {$\gamma-1=(-1.2\pm1.2)\times10^{-4}$} and the geodetic precession is confirmed within 0.09%. The results for selected relativistic parameters are obtained by introducing constraints from an LLR solution without estimating relativistic quantities. The station coordinates are constrained for the estimation of ##IMG## [http://ej.iop.org/images/0264-9381/35/3/035015/cqgaa8f7aieqn006.gif] {$\dot{G}/G_0$} , β and γ , the initial value of the core rotation vector is constrained to a reasonable model value for the estimation of ##IMG## [http://ej.iop.org/images/0264-9381/35/3/035015/cqgaa8f7aieqn007.gif] {$\dot{G}/G_0$} and geodetic precession. A constrained z -component of the initial lunar velocity is used for the estimation of the geodetic precession.}
}
	
@article{PhysRevLett.51.1609,
  title = {Experimental Test of the Variability of $G$ Using Viking Lander Ranging Data},
  author = {Hellings, R. W. and Adams, P. J. and Anderson, J. D. and Keesey, M. S. and Lau, E. L. and Standish, E. M. and Canuto, V. M. and Goldman, I.},
  journal = {Phys. Rev. Lett.},
  volume = {51},
  issue = {18},
  pages = {1609--1612},
  numpages = {0},
  year = {1983},
  month = {Oct},
  publisher = {American Physical Society},
  doi = {10.1103/PhysRevLett.51.1609},
  url = {https://link.aps.org/doi/10.1103/PhysRevLett.51.1609}
}

@ARTICLE{1998ApJ...498..871G,
   author = {{Guenther}, D.~B. and {Krauss}, L.~M. and {Demarque}, P.},
    title = "{Testing the Constancy of the Gravitational Constant Using Helioseismology}",
  journal = {\apj},
 keywords = {GRAVITATION, SUN: EVOLUTION, SUN: OSCILLATIONS, Gravitation, Sun: Evolution, Sun: Oscillations},
     year = 1998,
    month = may,
   volume = 498,
    pages = {871-876},
      doi = {10.1086/305567},
   adsurl = {https://ui.adsabs.harvard.edu/abs/1998ApJ...498..871G},
  adsnote = {Provided by the SAO/NASA Astrophysics Data System}
}


@ARTICLE{1991ApJ...366..501D,
   author = {{Damour}, T. and {Taylor}, J.~H.},
    title = "{On the orbital period change of the binary pulsar PSR 1913 + 16}",
  journal = {\apj},
 keywords = {Binary Stars, Gravitational Effects, Pulsars, Stellar Motions, Stellar Orbits, Acceleration (Physics), Milky Way Galaxy, Periodic Variations, Solar Gravitation, Stellar Mass Ejection, gravitation, pulsars, relativity, stars: binaries, stars: stellar dynamics},
     year = 1991,
    month = jan,
   volume = 366,
    pages = {501-511},
      doi = {10.1086/169585},
   adsurl = {http://adsabs.harvard.edu/abs/1991ApJ...366..501D},
  adsnote = {Provided by the SAO/NASA Astrophysics Data System}
}

@ARTICLE{1996A&A...312..345D,
   author = {{degl'Innocenti}, S. and {Fiorentini}, G. and {Raffelt}, G.~G. and 
	{Ricci}, B. and {Weiss}, A.},
    title = "{Time-variation of Newton's constant and the age of globular clusters.}",
  journal = {\aap},
   eprint = {astro-ph/9509090},
 keywords = {GRAVITATION, STARS: EVOLUTION, GALAXY: GLOBULAR CLUSTERS: GENERAL, COSMOLOGY: MISCELLANEOUS},
     year = 1996,
    month = aug,
   volume = 312,
    pages = {345-352},
   adsurl = {http://adsabs.harvard.edu/abs/1996A%26A...312..345D},
  adsnote = {Provided by the SAO/NASA Astrophysics Data System}
}

@ARTICLE{1997PhRvD..55.1906B,
   author = {{Barrow}, J.~D. and {Parsons}, P.},
    title = "{Behavior of cosmological models with varying G}",
  journal = {\prd},
   eprint = {gr-qc/9607072},
 keywords = {Gravity in more than four dimensions Kaluza-Klein theory unified field theories, alternative theories of gravity, Unified field theories and models},
     year = 1997,
    month = feb,
   volume = 55,
    pages = {1906-1936},
      doi = {10.1103/PhysRevD.55.1906},
   adsurl = {http://adsabs.harvard.edu/abs/1997PhRvD..55.1906B},
  adsnote = {Provided by the SAO/NASA Astrophysics Data System}
}

@ARTICLE{2013RPPh...76g6901M,
   author = {{Murphy}, T.~W.},
    title = "{Lunar laser ranging: the millimeter challenge}",
  journal = {Reports on Progress in Physics},
archivePrefix = "arXiv",
   eprint = {1309.6294},
 primaryClass = "gr-qc",
     year = 2013,
    month = jul,
   volume = 76,
   number = 7,
      eid = {076901},
    pages = {076901},
      doi = {10.1088/0034-4885/76/7/076901},
   adsurl = {http://adsabs.harvard.edu/abs/2013RPPh...76g6901M},
  adsnote = {Provided by the SAO/NASA Astrophysics Data System}
}

@ARTICLE{1990PhLB..248..146A,
   author = {{Accetta}, F.~S. and {Krauss}, L.~M. and {Romanelli}, P.},
    title = "{New limits on the variability of G from big bang nucleosynthesis}",
  journal = {Physics Letters B},
     year = 1990,
    month = sep,
   volume = 248,
    pages = {146-150},
      doi = {10.1016/0370-2693(90)90029-6},
   adsurl = {http://adsabs.harvard.edu/abs/1990PhLB..248..146A},
  adsnote = {Provided by the SAO/NASA Astrophysics Data System}
}

@ARTICLE{2004PhRvD..69h3512N,
   author = {{Nagata}, R. and {Chiba}, T. and {Sugiyama}, N.},
    title = "{WMAP constraints on scalar-tensor cosmology and the variation of the gravitational constant}",
  journal = {\prd},
   eprint = {astro-ph/0311274},
 keywords = {Observational cosmology, Experimental tests of gravitational theories, Superclusters, large-scale structure of the Universe},
     year = 2004,
    month = apr,
   volume = 69,
   number = 8,
      eid = {083512},
    pages = {083512},
      doi = {10.1103/PhysRevD.69.083512},
   adsurl = {http://adsabs.harvard.edu/abs/2004PhRvD..69h3512N},
  adsnote = {Provided by the SAO/NASA Astrophysics Data System}
}

@ARTICLE{2014IJMPD..2342018S,
   author = {{Sahni}, V. and {Shtanov}, Y.},
    title = "{Can a variable gravitational constant resolve the faint young Sun paradox?}",
  journal = {Int. J. Mod. Phys. D},
archivePrefix = "arXiv",
   eprint = {1405.4369},
 primaryClass = "astro-ph.SR",
 keywords = {Faint young Sun paradox, variable gravity, dark energy, Paleoclimatology, Solar variability impact, Relativity and gravitation, Solar activity},
     year = 2014,
    month = oct,
   volume = 23,
      eid = {1442018-152},
    pages = {1442018-152},
      doi = {10.1142/S0218271814420188},
   adsurl = {http://adsabs.harvard.edu/abs/2014IJMPD..2342018S},
  adsnote = {Provided by the SAO/NASA Astrophysics Data System}
}

@article{PhysRevLett.92.171301,
  title = {New Nucleosynthesis Constraint on the Variation of $G$},
  author = {Copi, Craig J. and Davis, Adam N. and Krauss, Lawrence M.},
  journal = {Phys. Rev. Lett.},
  volume = {92},
  issue = {17},
  pages = {171301},
  numpages = {3},
  year = {2004},
  month = {Apr},
  publisher = {American Physical Society},
  doi = {10.1103/PhysRevLett.92.171301},
  url = {https://link.aps.org/doi/10.1103/PhysRevLett.92.171301}
}

@ARTICLE{2016ApJ...830...31B,
   author = {{Bellinger}, E.~P. and {Angelou}, G.~C. and {Hekker}, S. and 
	{Basu}, S. and {Ball}, W.~H. and {Guggenberger}, E.},
    title = "{Fundamental Parameters of Main-Sequence Stars in an Instant with Machine Learning}",
  journal = {\apj},
archivePrefix = "arXiv",
   eprint = {1607.02137},
 primaryClass = "astro-ph.SR",
 keywords = {methods: statistical, stars: abundances, stars: fundamental parameters, stars: low-mass, stars: oscillations, stars: solar-type},
     year = 2016,
    month = oct,
   volume = 830,
      eid = {31},
    pages = {31},
      doi = {10.3847/0004-637X/830/1/31},
   adsurl = {http://adsabs.harvard.edu/abs/2016ApJ...830...31B},
  adsnote = {Provided by the SAO/NASA Astrophysics Data System}
}

@article{Bellinger2019a,
	author = {{Bellinger}, E.~P. and {Hekker, S.} and {Angelou, G. C.} and {Stokholm, A.} and {Basu, S.}},
	title = {Stellar ages, masses, and radii from asteroseismic modeling are robust to systematic errors in spectroscopy},
	DOI= "10.1051/0004-6361/201834461",
	url= "https://doi.org/10.1051/0004-6361/201834461",
	journal = {\aap},
	year = 2019,
	month = feb,
	volume = 622,
          eid = {arXiv:1812.06979},
        pages = {arXiv:1812.06979},
archivePrefix = {arXiv},
       eprint = {1812.06979},
 primaryClass = {astro-ph.SR},
       adsurl = {https://ui.adsabs.harvard.edu/\#abs/2018arXiv181206979B},
      adsnote = {Provided by the SAO/NASA Astrophysics Data System}
}

@article{Bellinger2019b,
	author = {Earl Patrick {Bellinger}},
	title = {A seismic scaling relation for stellar age},
	journal = {\mnras},
	year = 2019,
	month = feb,
	volume = 622,
	pages = {A130}
}

@ARTICLE{2016RvMP...88c5009M,
   author = {{Mohr}, P.~J. and {Newell}, D.~B. and {Taylor}, B.~N.},
    title = "{CODATA recommended values of the fundamental physical constants: 2014*}",
  journal = {RMP},
archivePrefix = "arXiv",
   eprint = {1507.07956},
 primaryClass = "physics.atom-ph",
     year = 2016,
    month = jul,
   volume = 88,
   number = 3,
      eid = {035009},
    pages = {035009},
      doi = {10.1103/RevModPhys.88.035009},
   adsurl = {http://adsabs.harvard.edu/abs/2016RvMP...88c5009M},
  adsnote = {Provided by the SAO/NASA Astrophysics Data System}
}

@ARTICLE{1962Natur.194.1267S,
   author = {{Smullin}, L.~D. and {Fiocco}, G.},
    title = "{Optical Echoes from the Moon}",
  journal = {\nat},
     year = 1962,
    month = jun,
   volume = 194,
    pages = {1267},
      doi = {10.1038/1941267a0},
   adsurl = {http://adsabs.harvard.edu/abs/1962Natur.194.1267S},
  adsnote = {Provided by the SAO/NASA Astrophysics Data System}
}

@ARTICLE{2017ApJ...835..172L,
   author = {{Lund}, M.~N. and {Silva Aguirre}, V. and {Davies}, G.~R. and 
	{Chaplin}, W.~J. and {Christensen-Dalsgaard}, J. and {Houdek}, G. and 
	{White}, T.~R. and {Bedding}, T.~R. and {Ball}, W.~H. and {Huber}, D. and 
	{Antia}, H.~M. and {Lebreton}, Y. and {Latham}, D.~W. and {Handberg}, R. and 
	{Verma}, K. and {Basu}, S. and {Casagrande}, L. and {Justesen}, A.~B. and 
	{Kjeldsen}, H. and {Mosumgaard}, J.~R.},
    title = "{Standing on the Shoulders of Dwarfs: the Kepler Asteroseismic LEGACY Sample. I. Oscillation Mode Parameters}",
  journal = {\apj},
archivePrefix = "arXiv",
   eprint = {1612.00436},
 primaryClass = "astro-ph.SR",
 keywords = {asteroseismology, stars: evolution, stars: fundamental parameters, stars: oscillations},
     year = 2017,
    month = feb,
   volume = 835,
      eid = {172},
    pages = {172},
      doi = {10.3847/1538-4357/835/2/172},
   adsurl = {http://adsabs.harvard.edu/abs/2017ApJ...835..172L},
  adsnote = {Provided by the SAO/NASA Astrophysics Data System}
}

@ARTICLE{2010Sci...327..977B,
   author = {{Borucki}, W.~J. and {Koch}, D. and {Basri}, G. and {Batalha}, N. and 
	{Brown}, T. and {Caldwell}, D. and {Caldwell}, J. and {Christensen-Dalsgaard}, J. and 
	{Cochran}, W.~D. and {DeVore}, E. and {Dunham}, E.~W. and {Dupree}, A.~K. and 
	{Gautier}, T.~N. and {Geary}, J.~C. and {Gilliland}, R. and 
	{Gould}, A. and {Howell}, S.~B. and {Jenkins}, J.~M. and {Kondo}, Y. and 
	{Latham}, D.~W. and {Marcy}, G.~W. and {Meibom}, S. and {Kjeldsen}, H. and 
	{Lissauer}, J.~J. and {Monet}, D.~G. and {Morrison}, D. and 
	{Sasselov}, D. and {Tarter}, J. and {Boss}, A. and {Brownlee}, D. and 
	{Owen}, T. and {Buzasi}, D. and {Charbonneau}, D. and {Doyle}, L. and 
	{Fortney}, J. and {Ford}, E.~B. and {Holman}, M.~J. and {Seager}, S. and 
	{Steffen}, J.~H. and {Welsh}, W.~F. and {Rowe}, J. and {Anderson}, H. and 
	{Buchhave}, L. and {Ciardi}, D. and {Walkowicz}, L. and {Sherry}, W. and 
	{Horch}, E. and {Isaacson}, H. and {Everett}, M.~E. and {Fischer}, D. and 
	{Torres}, G. and {Johnson}, J.~A. and {Endl}, M. and {MacQueen}, P. and 
	{Bryson}, S.~T. and {Dotson}, J. and {Haas}, M. and {Kolodziejczak}, J. and 
	{Van Cleve}, J. and {Chandrasekaran}, H. and {Twicken}, J.~D. and 
	{Quintana}, E.~V. and {Clarke}, B.~D. and {Allen}, C. and {Li}, J. and 
	{Wu}, H. and {Tenenbaum}, P. and {Verner}, E. and {Bruhweiler}, F. and 
	{Barnes}, J. and {Prsa}, A.},
    title = "{Kepler Planet-Detection Mission: Introduction and First Results}",
  journal = {Science},
     year = 2010,
    month = feb,
   volume = 327,
    pages = {977},
      doi = {10.1126/science.1185402},
   adsurl = {http://adsabs.harvard.edu/abs/2010Sci...327..977B},
  adsnote = {Provided by the SAO/NASA Astrophysics Data System}
}


@book{10.2307/j.ctt1vwmgmn,
 URL = {http://www.jstor.org/stable/j.ctt1vwmgmn},
 abstract = {<p>Studies of stars and stellar populations, and the discovery and characterization of exoplanets, are being revolutionized by new satellite and telescope observations of unprecedented quality and scope. Some of the most significant advances have been in the field of asteroseismology, the study of stars by observation of their oscillations.<em>Asteroseismic Data Analysis</em>gives a comprehensive technical introduction to this discipline. This book not only helps students and researchers learn about asteroseismology; it also serves as an essential instruction manual for those entering the field.</p><p>The book presents readers with the foundational techniques used in the analysis and interpretation of asteroseismic data on cool stars that show solar-like oscillations. The techniques have been refined, and in some cases developed, to analyze asteroseismic data collected by the NASA<em>Kepler</em>mission. Topics range from the analysis of time-series observations to extract seismic data for stars to the use of those data to determine global and internal properties of the stars. Reading lists and problem sets are provided, and data necessary for the problem sets are available online.</p><p>The first book to describe in detail the different techniques used to analyze the data on stellar oscillations,<em>Asteroseismic Data Analysis</em>offers an invaluable window into the hearts of stars.</p><p>Introduces the asteroseismic study of stars and the theory of stellar oscillationsDescribes the analysis of observational (time-domain) dataExamines how seismic parameters are extracted from observationsExplores how stellar properties are determined from seismic dataLooks at the "inverse problem," where frequencies are used to infer internal structures of stars</p>},
 author = {Sarbani Basu and William J. Chaplin},
 publisher = {Princeton University Press},
 title = {Asteroseismic Data Analysis},
 year = {2017}
}

@BOOK{2010aste.book.....A,
   author = {{Aerts}, C. and {Christensen-Dalsgaard}, J. and {Kurtz}, D.~W.
	},
    title = "{Asteroseismology}",
 keywords = {Physics, Astronomy, Astrophysics and Cosmology},
booktitle = {Asteroseismology},
publisher = {Springer Science},
     year = 2010,
   adsurl = {http://adsabs.harvard.edu/abs/2010aste.book.....A},
  adsnote = {Provided by the SAO/NASA Astrophysics Data System}
}

@article{PhysRev.73.801,
  title = {On the Change of Physical Constants},
  author = {Teller, Edward},
  journal = {Phys. Rev.},
  volume = {73},
  issue = {7},
  pages = {801--802},
  numpages = {0},
  year = {1948},
  month = {Apr},
  publisher = {American Physical Society},
  doi = {10.1103/PhysRev.73.801},
  url = {https://link.aps.org/doi/10.1103/PhysRev.73.801}
}


@ARTICLE{2003RvMP...75..403U,
   author = {{Uzan}, J.-P.},
    title = "{The fundamental constants and their variation: observational and theoretical status}",
  journal = {RMP},
   eprint = {hep-ph/0205340},
 keywords = {Fundamental problems and general formalism, Determination of fundamental constants, Spacetime topology causal structure spinor structure, Gravity in more than four dimensions Kaluza-Klein theory unified field theories, alternative theories of gravity, Strings and branes},
     year = 2003,
    month = apr,
   volume = 75,
    pages = {403-455},
      doi = {10.1103/RevModPhys.75.403},
   adsurl = {http://adsabs.harvard.edu/abs/2003RvMP...75..403U},
  adsnote = {Provided by the SAO/NASA Astrophysics Data System}
}

@ARTICLE{2016A&A...594A..13P,
   author = {{Planck Collaboration} and {Ade}, P.~A.~R. and {Aghanim}, N. and 
	{Arnaud}, M. and {Ashdown}, M. and {Aumont}, J. and {Baccigalupi}, C. and 
	{Banday}, A.~J. and {Barreiro}, R.~B. and {Bartlett}, J.~G. and et al.},
    title = "{Planck 2015 results. XIII. Cosmological parameters}",
  journal = {\aap},
archivePrefix = "arXiv",
   eprint = {1502.01589},
 keywords = {cosmology: observations, cosmology: theory, cosmic background radiation, cosmological parameters},
     year = 2016,
    month = sep,
   volume = 594,
      eid = {A13},
    pages = {A13},
      doi = {10.1051/0004-6361/201525830},
   adsurl = {http://adsabs.harvard.edu/abs/2016A%26A...594A..13P},
  adsnote = {Provided by the SAO/NASA Astrophysics Data System}
}

@ARTICLE{2017A&A...601A..67C,
   author = {{Creevey}, O.~L. and {Metcalfe}, T.~S. and {Schultheis}, M. and 
	{Salabert}, D. and {Bazot}, M. and {Th{\'e}venin}, F. and {Mathur}, S. and 
	{Xu}, H. and {Garc{\'{\i}}a}, R.~A.},
    title = "{Characterizing solar-type stars from full-length Kepler data sets using the Asteroseismic Modeling Portal}",
  journal = {\aap},
archivePrefix = "arXiv",
   eprint = {1612.08990},
 primaryClass = "astro-ph.SR",
 keywords = {stars: fundamental parameters, stars: oscillations, stars: interiors, asteroseismology, methods: numerical},
     year = 2017,
    month = may,
   volume = 601,
      eid = {A67},
    pages = {A67},
      doi = {10.1051/0004-6361/201629496},
   adsurl = {http://adsabs.harvard.edu/abs/2017A%26A...601A..67C},
  adsnote = {Provided by the SAO/NASA Astrophysics Data System}
}


@ARTICLE{2017ApJ...835..173S,
   author = {{Silva Aguirre}, V. and {Lund}, M.~N. and {Antia}, H.~M. and 
	{Ball}, W.~H. and {Basu}, S. and {Christensen-Dalsgaard}, J. and 
	{Lebreton}, Y. and {Reese}, D.~R. and {Verma}, K. and {Casagrande}, L. and 
	{Justesen}, A.~B. and {Mosumgaard}, J.~R. and {Chaplin}, W.~J. and 
	{Bedding}, T.~R. and {Davies}, G.~R. and {Handberg}, R. and 
	{Houdek}, G. and {Huber}, D. and {Kjeldsen}, H. and {Latham}, D.~W. and 
	{White}, T.~R. and {Coelho}, H.~R. and {Miglio}, A. and {Rendle}, B.
	},
    title = "{Standing on the Shoulders of Dwarfs: the Kepler Asteroseismic LEGACY Sample. II. Radii, Masses, and Ages}",
  journal = {\apj},
archivePrefix = "arXiv",
   eprint = {1611.08776},
 primaryClass = "astro-ph.SR",
 keywords = {asteroseismology, stars: fundamental parameters, stars: oscillations},
     year = 2017,
    month = feb,
   volume = 835,
      eid = {173},
    pages = {173},
      doi = {10.3847/1538-4357/835/2/173},
   adsurl = {http://adsabs.harvard.edu/abs/2017ApJ...835..173S},
  adsnote = {Provided by the SAO/NASA Astrophysics Data System}
}



@ARTICLE{2011ApJS..192....3P,
   author = {{Paxton}, B. and {Bildsten}, L. and {Dotter}, A. and {Herwig}, F. and 
	{Lesaffre}, P. and {Timmes}, F.},
    title = "{Modules for Experiments in Stellar Astrophysics (MESA)}",
  journal = {\apjs},
archivePrefix = "arXiv",
   eprint = {1009.1622},
 primaryClass = "astro-ph.SR",
 keywords = {methods: numerical, stars: evolution, stars: general},
     year = 2011,
    month = jan,
   volume = 192,
      eid = {3},
    pages = {3},
      doi = {10.1088/0067-0049/192/1/3},
   adsurl = {http://adsabs.harvard.edu/abs/2011ApJS..192....3P},
  adsnote = {Provided by the SAO/NASA Astrophysics Data System}
}

@ARTICLE{2013ApJS..208....4P,
   author = {{Paxton}, B. and {Cantiello}, M. and {Arras}, P. and {Bildsten}, L. and 
	{Brown}, E.~F. and {Dotter}, A. and {Mankovich}, C. and {Montgomery}, M.~H. and 
	{Stello}, D. and {Timmes}, F.~X. and {Townsend}, R.},
    title = "{Modules for Experiments in Stellar Astrophysics (MESA): Planets, Oscillations, Rotation, and Massive Stars}",
  journal = {\apjs},
archivePrefix = "arXiv",
   eprint = {1301.0319},
 primaryClass = "astro-ph.SR",
 keywords = {asteroseismology, methods: numerical, planets and satellites: physical evolution, stars: evolution, stars: massive, stars: rotation},
     year = 2013,
    month = sep,
   volume = 208,
      eid = {4},
    pages = {4},
      doi = {10.1088/0067-0049/208/1/4},
   adsurl = {http://adsabs.harvard.edu/abs/2013ApJS..208....4P},
  adsnote = {Provided by the SAO/NASA Astrophysics Data System}
}

@ARTICLE{2015ApJS..220...15P,
   author = {{Paxton}, B. and {Marchant}, P. and {Schwab}, J. and {Bauer}, E.~B. and 
	{Bildsten}, L. and {Cantiello}, M. and {Dessart}, L. and {Farmer}, R. and 
	{Hu}, H. and {Langer}, N. and {Townsend}, R.~H.~D. and {Townsley}, D.~M. and 
	{Timmes}, F.~X.},
    title = "{Modules for Experiments in Stellar Astrophysics (MESA): Binaries, Pulsations, and Explosions}",
  journal = {\apjs},
archivePrefix = "arXiv",
   eprint = {1506.03146},
 primaryClass = "astro-ph.SR",
 keywords = {binaries: general, methods: numerical, nuclear reactions, nucleosynthesis, abundances, shock waves, stars: evolution, stars: oscillations},
     year = 2015,
    month = sep,
   volume = 220,
      eid = {15},
    pages = {15},
      doi = {10.1088/0067-0049/220/1/15},
   adsurl = {http://adsabs.harvard.edu/abs/2015ApJS..220...15P},
  adsnote = {Provided by the SAO/NASA Astrophysics Data System}
}

@ARTICLE{2018ApJS..234...34P,
   author = {{Paxton}, B. and {Schwab}, J. and {Bauer}, E.~B. and {Bildsten}, L. and 
	{Blinnikov}, S. and {Duffell}, P. and {Farmer}, R. and {Goldberg}, J.~A. and 
	{Marchant}, P. and {Sorokina}, E. and {Thoul}, A. and {Townsend}, R.~H.~D. and 
	{Timmes}, F.~X.},
    title = "{Modules for Experiments in Stellar Astrophysics (MESA): Convective Boundaries, Element Diffusion, and Massive Star Explosions}",
  journal = {\apjs},
archivePrefix = "arXiv",
   eprint = {1710.08424},
 primaryClass = "astro-ph.SR",
 keywords = {convection, diffusion, hydrodynamics, methods: numerical, stars: evolution, supernovae: general },
     year = 2018,
    month = feb,
   volume = 234,
      eid = {34},
    pages = {34},
      doi = {10.3847/1538-4365/aaa5a8},
   adsurl = {http://adsabs.harvard.edu/abs/2018ApJS..234...34P},
  adsnote = {Provided by the SAO/NASA Astrophysics Data System}
}


@ARTICLE{2013MNRAS.435.3406T,
   author = {{Townsend}, R.~H.~D. and {Teitler}, S.~A.},
    title = "{GYRE: an open-source stellar oscillation code based on a new Magnus Multiple Shooting scheme}",
  journal = {\mnras},
archivePrefix = "arXiv",
   eprint = {1308.2965},
 primaryClass = "astro-ph.SR",
 keywords = {methods: numerical, stars: evolution, stars: interiors, stars: oscillations, stars: variables: general},
     year = 2013,
    month = nov,
   volume = 435,
    pages = {3406-3418},
      doi = {10.1093/mnras/stt1533},
   adsurl = {http://adsabs.harvard.edu/abs/2013MNRAS.435.3406T},
  adsnote = {Provided by the SAO/NASA Astrophysics Data System}
}


@ARTICLE{1999NuPhA.656....3A,
   author = {{Angulo}, C. and {Arnould}, M. and {Rayet}, M. and {Descouvemont}, P. and 
	{Baye}, D. and {Leclercq-Willain}, C. and {Coc}, A. and {Barhoumi}, S. and 
	{Aguer}, P. and {Rolfs}, C. and {Kunz}, R. and {Hammer}, J.~W. and 
	{Mayer}, A. and {Paradellis}, T. and {Kossionides}, S. and {Chronidou}, C. and 
	{Spyrou}, K. and {degl'Innocenti}, S. and {Fiorentini}, G. and 
	{Ricci}, B. and {Zavatarelli}, S. and {Providencia}, C. and 
	{Wolters}, H. and {Soares}, J. and {Grama}, C. and {Rahighi}, J. and 
	{Shotter}, A. and {Lamehi Rachti}, M.},
    title = "{A compilation of charged-particle induced thermonuclear reaction rates}",
  journal = {Nuclear Physics A},
     year = 1999,
    month = aug,
   volume = 656,
    pages = {3-183},
      doi = {10.1016/S0375-9474(99)00030-5},
   adsurl = {http://adsabs.harvard.edu/abs/1999NuPhA.656....3A},
  adsnote = {Provided by the SAO/NASA Astrophysics Data System}
}

@ARTICLE{1998SSRv...85..161G,
   author = {{Grevesse}, N. and {Sauval}, A.~J.},
    title = "{Standard Solar Composition}",
  journal = {\ssr},
 keywords = {Sun: abundances, Meteorites: abundances, Solar spectroscopy},
     year = 1998,
    month = may,
   volume = 85,
    pages = {161-174},
      doi = {10.1023/A:1005161325181},
   adsurl = {http://adsabs.harvard.edu/abs/1998SSRv...85..161G},
  adsnote = {Provided by the SAO/NASA Astrophysics Data System}
}

@ARTICLE{1996ApJ...464..943I,
   author = {{Iglesias}, C.~A. and {Rogers}, F.~J.},
    title = "{Updated Opal Opacities}",
  journal = {\apj},
 keywords = {ATOMIC DATA, ATOMIC PROCESSES, STARS: INTERIORS},
     year = 1996,
    month = jun,
   volume = 464,
    pages = {943},
      doi = {10.1086/177381},
   adsurl = {http://adsabs.harvard.edu/abs/1996ApJ...464..943I},
  adsnote = {Provided by the SAO/NASA Astrophysics Data System}
}


@Article{	  2002apj...576.1064r,
  author	= {{Rogers}, F.~J. and {Nayfonov}, A.},
  title		= {{Updated and Expanded OPAL Equation-of-State Tables:
		  Implications for Helioseismology}},
  journal	= {\apj},
  year		= {2002},
  volume	= {576},
  pages		= {1064-1074},
  month		= sep,
  adsnote	= {Provided by the SAO/NASA Astrophysics Data System},
  adsurl	= {http://adsabs.harvard.edu/abs/2002ApJ...576.1064R},
  doi		= {10.1086/341894},
  keywords	= {Atomic Processes, Equation of State, Sun: Oscillations}
}

@ARTICLE{1994ApJ...421..828T,
   author = {{Thoul}, A.~A. and {Bahcall}, J.~N. and {Loeb}, A.},
    title = "{Element diffusion in the solar interior}",
  journal = {\apj},
   eprint = {astro-ph/9304005},
 keywords = {Abundance, Diffusion, Flow Equations, Heavy Elements, Helium, Solar Interior, Stellar Composition, Stellar Models, Computerized Simulation, Stellar Evolution, Subroutines},
     year = 1994,
    month = feb,
   volume = 421,
    pages = {828-842},
      doi = {10.1086/173695},
   adsurl = {http://adsabs.harvard.edu/abs/1994ApJ...421..828T},
  adsnote = {Provided by the SAO/NASA Astrophysics Data System}
}


@ARTICLE{1958ZA.....46..108B,
   author = {{B{\"o}hm-Vitense}, E.},
    title = "{{\"U}ber die Wasserstoffkonvektionszone in Sternen verschiedener Effektivtemperaturen und Leuchtkr{\"a}fte. Mit 5 Textabbildungen}",
  journal = {\zap},
     year = 1958,
   volume = 46,
    pages = {108},
   adsurl = {http://adsabs.harvard.edu/abs/1958ZA.....46..108B},
  adsnote = {Provided by the SAO/NASA Astrophysics Data System}
}

@ARTICLE{2009ARA&A..47..481A,
   author = {{Asplund}, M. and {Grevesse}, N. and {Sauval}, A.~J. and {Scott}, P.
	},
    title = "{The Chemical Composition of the Sun}",
  journal = {\araa},
archivePrefix = "arXiv",
   eprint = {0909.0948},
 primaryClass = "astro-ph.SR",
     year = 2009,
    month = sep,
   volume = 47,
    pages = {481-522},
      doi = {10.1146/annurev.astro.46.060407.145222},
   adsurl = {http://adsabs.harvard.edu/abs/2009ARA%26A..47..481A},
  adsnote = {Provided by the SAO/NASA Astrophysics Data System}
}

@ARTICLE{2018arXiv180807556R,
   author = {{Roxburgh}, I.~W},
    title = "{Overfitting and correlations in model fitting with separation ratios}",
  journal = {arXiv e-prints},
archivePrefix = "arXiv",
   eprint = {1808.07556},
 primaryClass = "astro-ph.SR",
 keywords = {Astrophysics - Solar and Stellar Astrophysics},
     year = 2018,
    month = aug,
   adsurl = {http://adsabs.harvard.edu/abs/2018arXiv180807556R},
  adsnote = {Provided by the SAO/NASA Astrophysics Data System}
}

@ARTICLE{2012MNRAS.427.1847B,
   author = {{Bazot}, M. and {Bourguignon}, S. and {Christensen-Dalsgaard}, J.
	},
    title = "{A Bayesian approach to the modelling of {$\alpha$} Cen A}",
  journal = {\mnras},
archivePrefix = "arXiv",
   eprint = {1209.0222},
 primaryClass = "astro-ph.SR",
 keywords = {methods: numerical, methods: statistical, stars: evolution, stars: fundamental parameters, stars: individual: {$\alpha$} Cen A, stars: oscillations},
     year = 2012,
    month = dec,
   volume = 427,
    pages = {1847-1866},
      doi = {10.1111/j.1365-2966.2012.21818.x},
   adsurl = {http://ukads.nottingham.ac.uk/abs/2012MNRAS.427.1847B},
  adsnote = {Provided by the SAO/NASA Astrophysics Data System}
}

@inproceedings{Nair:2010:RLU:3104322.3104425,
 author = {Nair, Vinod and Hinton, Geoffrey E.},
 title = {Rectified Linear Units Improve Restricted Boltzmann Machines},
 booktitle = {Proceedings of the 27th International Conference on International Conference on Machine Learning},
 series = {ICML'10},
 year = {2010},
 isbn = {978-1-60558-907-7},
 location = {Haifa, Israel},
 pages = {807--814},
 numpages = {8},
 url = {http://dl.acm.org/citation.cfm?id=3104322.3104425},
 acmid = {3104425},
 publisher = {Omnipress},
 address = {USA},
} 

@ARTICLE{2003A&A...411..215R,
       author = {{Roxburgh}, I.~W. and {Vorontsov}, S.~V.},
        title = "{The ratio of small to large separations of acoustic oscillations as a
        diagnostic of the interior of solar-like stars}",
      journal = {\aap},
     keywords = {stars: oscillations},
         year = 2003,
        month = Nov,
       volume = {411},
        pages = {215-220},
          doi = {10.1051/0004-6361:20031318},
       adsurl = {https://ui.adsabs.harvard.edu/#abs/2003A&A...411..215R},
      adsnote = {Provided by the SAO/NASA Astrophysics Data System}
}

@ARTICLE{2013A&A...560A...2R,
   author = {{Roxburgh}, I.~W. and {Vorontsov}, S.~V.},
    title = "{On the use of the ratio of small to large separations in asteroseismic model fitting}",
  journal = {\aap},
archivePrefix = "arXiv",
   eprint = {1307.5069},
 primaryClass = "astro-ph.SR",
 keywords = {stars: oscillations, asteroseismology, stars: interiors, methods: analytical, methods: numerical, stars: solar-type},
     year = 2013,
    month = dec,
   volume = 560,
      eid = {A2},
    pages = {A2},
      doi = {10.1051/0004-6361/201321333},
   adsurl = {http://adsabs.harvard.edu/abs/2013A%26A...560A...2R},
  adsnote = {Provided by the SAO/NASA Astrophysics Data System}
}

@book{friedman2001elements,
  title={The Elements of Statistical Learning},
  author={Friedman, Jerome and Hastie, Trevor and Tibshirani, Robert},
  volume={1},
  year={2001},
  publisher={Springer Series in Statistics}
}

@InProceedings{10.1007/978-3-319-59315-9_8,
author="Lund, Mikkel N.
and Reese, Daniel R.",
editor="Campante, Tiago L.
and Santos, Nuno C.
and Monteiro, M{\'a}rio J. P. F. G.",
title="Tutorial: Asteroseismic Stellar Modelling with AIMS",
booktitle="Asteroseismology and Exoplanets: Listening to the Stars and Searching for New Worlds",
year="2018",
publisher="Springer International Publishing",
address="Cham",
pages="149--161",
abstract="The goal of aims (Asteroseismic Inference on a Massive Scale) is to estimate stellar parameters and credible intervals/error bars in a Bayesian manner from a set of asteroseismic frequency data and so-called classical constraints. To achieve reliable parameter estimates and computational efficiency, it searches through a grid of pre-computed models using an MCMC algorithm---interpolation within the grid of models is performed by first tessellating the grid using a Delaunay triangulation and then doing a linear barycentric interpolation on matching simplexes. Inputs for the modelling consist of individual frequencies from peak-bagging, which can be complemented with classical spectroscopic constraints. aims is mostly written in Python with a modular structure to facilitate contributions from the community. Only a few computationally intensive parts have been rewritten in Fortran in order to speed up calculations.",
isbn="978-3-319-59315-9"
}

@ARTICLE{2018ASSP...49..149L,
   author = {{Lund}, M.~N. and {Reese}, D.~R.},
    title = "{Tutorial: Asteroseismic Stellar Modelling with AIMS}",
  journal = {Asteroseismology and Exoplanets: Listening to the Stars and Searching for New Worlds},
archivePrefix = "arXiv",
   eprint = {1711.01896},
 primaryClass = "astro-ph.IM",
 keywords = {Physics},
     year = 2018,
   volume = 49,
    pages = {149},
      doi = {10.1007/978-3-319-59315-9_8},
   adsurl = {https://ui.adsabs.harvard.edu/abs/2018ASSP...49..149L},
  adsnote = {Provided by the SAO/NASA Astrophysics Data System}
}



@ARTICLE{1994ApJ...437..870D,
   author = {{Demarque}, P. and {Krauss}, L.~M. and {Guenther}, D.~B. and 
	{Nydam}, D.},
    title = "{The Sun as a probe of varying G}",
  journal = {\apj},
 keywords = {Astronomical Models, Big Bang Cosmology, Gravitation Theory, Gravitational Constant, Helioseismology, Solar Flux, Solar Gravitation, Solar Interior, Solar Oscillations, Stellar Evolution, Grand Unified Theory, Gravitational Fields, Luminosity, Nuclear Fusion, Solar Neutrons, String Theory},
     year = 1994,
    month = dec,
   volume = 437,
    pages = {870-878},
      doi = {10.1086/175048},
   adsurl = {http://adsabs.harvard.edu/abs/1994ApJ...437..870D},
  adsnote = {Provided by the SAO/NASA Astrophysics Data System}
}

@ARTICLE{2018MNRAS.475..879T,
       author = {{Townsend}, R.~H.~D. and {Goldstein}, J. and {Zweibel}, E.~G.},
        title = "{Angular momentum transport by heat-driven g-modes in slowly pulsating B
        stars}",
      journal = {\mnras},
     keywords = {asteroseismology, stars: evolution, stars: interiors, stars: massive,
        stars: oscillations, stars: rotation, Astrophysics - Solar and
        Stellar Astrophysics},
         year = 2018,
        month = Mar,
       volume = {475},
        pages = {879-893},
          doi = {10.1093/mnras/stx3142},
archivePrefix = {arXiv},
       eprint = {1712.02420},
 primaryClass = {astro-ph.SR},
       adsurl = {https://ui.adsabs.harvard.edu/\#abs/2018MNRAS.475..879T},
      adsnote = {Provided by the SAO/NASA Astrophysics Data System}
}


@ARTICLE{2008Ap&SS.316...13C,
   author = {{Christensen-Dalsgaard}, J.},
    title = "{ASTEC{\mdash}the Aarhus STellar Evolution Code}",
  journal = {\apss},
archivePrefix = "arXiv",
   eprint = {0710.3114},
     year = 2008,
    month = aug,
   volume = 316,
    pages = {13-24},
      doi = {10.1007/s10509-007-9675-5},
   adsurl = {http://adsabs.harvard.edu/abs/2008Ap%26SS.316...13C},
  adsnote = {Provided by the SAO/NASA Astrophysics Data System}
}


@ARTICLE{2008Ap&SS.316..113C,
   author = {{Christensen-Dalsgaard}, J.},
    title = "{ADIPLS{\mdash}the Aarhus adiabatic oscillation package}",
  journal = {\apss},
archivePrefix = "arXiv",
   eprint = {0710.3106},
 keywords = {Stars: oscillations, Numerical methods, Asteroseismology},
     year = 2008,
    month = aug,
   volume = 316,
    pages = {113-120},
      doi = {10.1007/s10509-007-9689-z},
   adsurl = {http://adsabs.harvard.edu/abs/2008Ap%26SS.316..113C},
  adsnote = {Provided by the SAO/NASA Astrophysics Data System}
}

@ARTICLE{2019arXiv190102663R,
       author = {{Rendle}, B.~M. and {Buldgen}, G. and {Miglio}, A. and {Reese}, D. and
        {Noels}, A. and {Davies}, G.~R. and {Campante}, T.~L. and
        {Chaplin}, W.~J. and {Lund}, M.~N. and {Kuszlewicz}, J.~S. and
        {Scott}, L.~J.~A. and {Scuflaire}, R. and {Ball}, W.~H. and
        {Smetana}, J. and {Nsamba}, B.},
        title = "{AIMS - A new tool for stellar parameter determinations using asteroseismic constraints}",
      journal = {arXiv e-prints},
     keywords = {Astrophysics - Solar and Stellar Astrophysics},
         year = 2019,
        month = Jan,
          eid = {arXiv:1901.02663},
        pages = {arXiv:1901.02663},
archivePrefix = {arXiv},
       eprint = {1901.02663},
 primaryClass = {astro-ph.SR},
       adsurl = {https://ui.adsabs.harvard.edu/\#abs/2019arXiv190102663R},
      adsnote = {Provided by the SAO/NASA Astrophysics Data System}
}

@ARTICLE{2019MNRAS.484..771R,
   author = {{Rendle}, B.~M. and {Buldgen}, G. and {Miglio}, A. and {Reese}, D. and 
	{Noels}, A. and {Davies}, G.~R. and {Campante}, T.~L. and {Chaplin}, W.~J. and 
	{Lund}, M.~N. and {Kuszlewicz}, J.~S. and {Scott}, L.~J.~A. and 
	{Scuflaire}, R. and {Ball}, W.~H. and {Smetana}, J. and {Nsamba}, B.
	},
    title = "{AIMS - a new tool for stellar parameter determinations using asteroseismic constraints}",
  journal = {\mnras},
archivePrefix = "arXiv",
   eprint = {1901.02663},
 primaryClass = "astro-ph.SR",
 keywords = {stars: fundamental parameters, stars: oscillations},
     year = 2019,
    month = mar,
   volume = 484,
    pages = {771-786},
      doi = {10.1093/mnras/stz031},
   adsurl = {https://ui.adsabs.harvard.edu/abs/2019MNRAS.484..771R},
  adsnote = {Provided by the SAO/NASA Astrophysics Data System}
}



@ARTICLE{2011RvMP...83..195A,
   author = {{Adelberger}, E.~G. and {Garc{\'{\i}}a}, A. and {Robertson}, R.~G.~H. and 
	{Snover}, K.~A. and {Balantekin}, A.~B. and {Heeger}, K. and 
	{Ramsey-Musolf}, M.~J. and {Bemmerer}, D. and {Junghans}, A. and 
	{Bertulani}, C.~A. and {Chen}, J.-W. and {Costantini}, H. and 
	{Prati}, P. and {Couder}, M. and {Uberseder}, E. and {Wiescher}, M. and 
	{Cyburt}, R. and {Davids}, B. and {Freedman}, S.~J. and {Gai}, M. and 
	{Gazit}, D. and {Gialanella}, L. and {Imbriani}, G. and {Greife}, U. and 
	{Hass}, M. and {Haxton}, W.~C. and {Itahashi}, T. and {Kubodera}, K. and 
	{Langanke}, K. and {Leitner}, D. and {Leitner}, M. and {Vetter}, P. and 
	{Winslow}, L. and {Marcucci}, L.~E. and {Motobayashi}, T. and 
	{Mukhamedzhanov}, A. and {Tribble}, R.~E. and {Nollett}, K.~M. and 
	{Nunes}, F.~M. and {Park}, T.-S. and {Parker}, P.~D. and {Schiavilla}, R. and 
	{Simpson}, E.~C. and {Spitaleri}, C. and {Strieder}, F. and 
	{Trautvetter}, H.-P. and {Suemmerer}, K. and {Typel}, S.},
    title = "{Solar fusion cross sections. II. The pp chain and CNO cycles}",
  journal = {RMP},
archivePrefix = "arXiv",
   eprint = {1004.2318},
 primaryClass = "nucl-ex",
 keywords = {Stellar hydrogen burning, Solar neutrinos, Solar interior, Nuclear reactions involving few-nucleon systems},
     year = 2011,
    month = jan,
   volume = 83,
    pages = {195-246},
      doi = {10.1103/RevModPhys.83.195},
   adsurl = {http://adsabs.harvard.edu/abs/2011RvMP...83..195A},
  adsnote = {Provided by the SAO/NASA Astrophysics Data System}
}

@ARTICLE{2018NatCo...9..289G,
   author = {{Genova}, A. and {Mazarico}, E. and {Goossens}, S. and {Lemoine}, F.~G. and 
	{Neumann}, G.~A. and {Smith}, D.~E. and {Zuber}, M.~T.},
    title = "{Solar system expansion and strong equivalence principle as seen by the NASA MESSENGER mission}",
  journal = {Nature Comm.},
     year = 2018,
    month = jan,
   volume = 9,
      eid = {289},
    pages = {289},
      doi = {10.1038/s41467-017-02558-1},
   adsurl = {http://adsabs.harvard.edu/abs/2018NatCo...9..289G},
  adsnote = {Provided by the SAO/NASA Astrophysics Data System}
}

@INPROCEEDINGS{2006ESASP.617E..37B,
       author = {{Bonanno}, A. and {Schlattl}, H.},
        title = "{Helioseismic Constraints on the Time Evolution of the Fine Structure Constant}",
    booktitle = {SOHO-17},
         year = "2006",
       series = {ESA Special Publication},
       volume = {617},
        month = "Jul",
          eid = {37},
        pages = {37},
       adsurl = {https://ui.adsabs.harvard.edu/abs/2006ESASP.617E..37B},
      adsnote = {Provided by the SAO/NASA Astrophysics Data System}
}



@Manual{	  r,
  title		= {R},
  author	= {{R Core Team}},
  organization	= {R Foundation},
  year		= {2014},
  url		= {http://www.R-project.org/}
}

@ARTICLE{1977A&A....56..359M,
       author = {{Maeder}, A.},
        title = "{Four basic solar and stellar tests of cosmologies with variable past G and macroscopic masses.}",
      journal = {\aap},
     keywords = {Cosmology, Gravitational Constant, Neutrinos, Stellar Evolution, Stellar Mass, Stellar Models, Mass Distribution, Open Clusters, Solar Corpuscular Radiation, Solar Flux Density, Time Functions, Astrophysics},
         year = "1977",
        month = "Apr",
       volume = {56},
       number = {3},
        pages = {359-367},
       adsurl = {https://ui.adsabs.harvard.edu/abs/1977A&A....56..359M},
      adsnote = {Provided by the SAO/NASA Astrophysics Data System}
}


@INPROCEEDINGS{1988IAUS..123..295C,
   author = {{Christensen-Dalsgaard}, J.},
    title = "{A Hertzsprung-Russell Diagram for Stellar Oscillations}",
booktitle = {Advances in Helio- and Asteroseismology},
     year = 1988,
   series = {IAU Symposium},
   volume = 123,
   editor = {{Christensen-Dalsgaard}, J. and {Frandsen}, S.},
    pages = {295},
   adsurl = {https://ui.adsabs.harvard.edu/abs/1988IAUS..123..295C},
  adsnote = {Provided by the SAO/NASA Astrophysics Data System}
}

@ARTICLE{2014JCAP...10..050C,
       author = {{Coc}, Alain and {Uzan}, Jean-Philippe and {Vangioni}, Elisabeth},
        title = "{Standard big bang nucleosynthesis and primordial CNO abundances after Planck}",
      journal = {\jcap},
     keywords = {Astrophysics - Cosmology and Nongalactic Astrophysics},
         year = "2014",
        month = "Oct",
       volume = {2014},
       number = {10},
          eid = {050},
        pages = {050},
          doi = {10.1088/1475-7516/2014/10/050},
archivePrefix = {arXiv},
       eprint = {1403.6694},
 primaryClass = {astro-ph.CO},
       adsurl = {https://ui.adsabs.harvard.edu/abs/2014JCAP...10..050C},
      adsnote = {Provided by the SAO/NASA Astrophysics Data System}
}


@Article{Uzan2011,
author="Uzan, Jean-Philippe",
title="Varying Constants, Gravitation and Cosmology",
journal="Living Reviews in Relativity",
year="2011",
month="Mar",
day="29",
volume="14",
number="1",
pages="2",
abstract="Fundamental constants are a cornerstone of our physical laws. Any constant varying in space and/or time would reflect the existence of an almost massless field that couples to matter. This will induce a violation of the universality of free fall. Thus, it is of utmost importance for our understanding of gravity and of the domain of validity of general relativity to test for their constancy. We detail the relations between the constants, the tests of the local position invariance and of the universality of free fall. We then review the main experimental and observational constraints that have been obtained from atomic clocks, the Oklo phenomenon, solar system observations, meteorite dating, quasar absorption spectra, stellar physics, pulsar timing, the cosmic microwave background and big bang nucleosynthesis. At each step we describe the basics of each system, its dependence with respect to the constants, the known systematic effects and the most recent constraints that have been obtained. We then describe the main theoretical frameworks in which the low-energy constants may actually be varying and we focus on the unification mechanisms and the relations between the variation of different constants. To finish, we discuss the more speculative possibility of understanding their numerical values and the apparent fine-tuning that they confront us with.",
issn="1433-8351",
doi="10.12942/lrr-2011-2",
url="https://doi.org/10.12942/lrr-2011-2"
}



@ARTICLE{2010CAMCS...5...65G,
   author = {{Goodman}, J. and {Weare}, J.},
    title = "{Ensemble samplers with affine invariance}",
  journal = {Comm. in Appl. Math. and Comp. Sci.},
 keywords = {Markov chain Monte Carlo, affine invariance, ensemble samplers  },
     year = 2010,
   volume = 5,
    pages = {65-80},
      doi = {10.2140/camcos.2010.5.65},
   adsurl = {https://ui.adsabs.harvard.edu/abs/2010CAMCS...5...65G},
  adsnote = {Provided by the SAO/NASA Astrophysics Data System}
}
